@TECHREPORT{SLC_Modular_Hardware_Style:2008,
  author =       {Allen-Bradley},
  title =        {{SLC} 500 Modular Hardware Style},
  institution =  {Rockwell Automation},
  year =         {2008},
  type =         {User manual},
  number =       {1747-L511, 1747-L514, 1747-L524, 1747-L531, 1747-L532, 1747-L533, 1747-L541, 1747-L542, 1747-L543, 1747-L551, 1747-L552, 1747-L553},
  address =      {},
  month =        {jun.},
  note =         {Rev. G1},
  abstract =     {},
  keywords =     {},
  source =       {},
}

@misc{OPLC:2018,
author = {Intrave},
title = {¿{Q}ué es un OPLC$?$},
year = {2018},
howpublished = {URL:{https://intrave.wordpress.com/2013/01/20/que-significa-oplc/}},
}

@ARTICLE{Levant:2003,
  author = {Levant, A.},
  journal = {{I}nternational {J}ournal of {C}ontrol},
  title = {{H}igher-order sliding modes, differentiation and output-feedback control},
  year = {2003},
  volume = {76},
  pages = {924-941},
  doi = {10.1080/0020717031000099029}
}

@MASTERSTHESIS{Honorato:2019,
  author =       {Honorato-Navarrete, E.},
  title =        {{E}valuación de estrategias de control {PID} y {S}uper-{T}wisting en entornos industriales para procesos de transferencia de calor},
  school =       {Facultad de Ingeniería, UNAM},
  year =         {2019},
  type =         {Tesis de Licenciatura},
  address =      {México},
  month =        {Septiembre},
  note =         {},
  abstract =     {},
  keywords =     {},
  source =       {http://www.ptolomeo.unam.mx:8080/xmlui/handle/132.248.52.100/16944},
}

@book{Ogata:2003,
  title={Ingenier{\'\i}a de control {M}oderna},
  author={Ogata, K.},
  isbn={9788420536781},
  url={https://books.google.com.mx/books?id=QK148EPC\_m0C},
  year={2003},
  publisher={Pearson Educaci{\'o}n}
}

